@String{GRL = {Geophys. Res. Lett.}}
@String{JGR = {J. Geophys. Res. (Oceans)}}
@String{JGRD = {J. Geophys. Res. (Atmospheres)}}
@String{JPO = {J. Phys. Ocean.}}
@String{JFM = {J. Fluid Mech.}}
@String{JMR = {J. Mar. Res.}}
@String{JAS = {J. Atm. Sci.}}
%@String{JC = {Journal of Climate}}
@String{JC = {J. Climate}}
%@String{CD = {Climate Dynamics}}
@String{CD = {Climate Dyn.}}
%@String{QJRMS = {Quarterly Journal Royal Meteorological Society}}
@String{QJRMS = {Quart. J. R. Met. Soc.}}
@String{PO = {Paleoceano.}}
@String{TH = {The Holocene}}
@String{P3 = {Palaeogeograph. Palaeoclim. Palaeoecol.}}
@String{JQS = {J. Quaternary Sci.}}
@String{QSR = {Quaternary Sci. Rev.}}
@String{QR = {Quaternary Res.}}
@String{CC = {Climatic Change}}
@String{BAMS = {Bull. Amer. Meteor. Soc.}}
@String{JASTP = {J. Atmos. Solar Terr. Phys.}}
@String{PNAS = {Proc. Nat. Acad. Sci. USA}}
%@String{IJC = {International Journal of Climatology}}
@String{IJC = {Int. J. Climatol.}}
%@String{MWR = {Monthly Weather Review}}
@String{MWR = {Mon. Wea. Rev.}}
@String{TAC = {Theor. Appl. Climatol.}}
@String{JAMC = {J. Appl. Meteorol. Climatol.}}


@Article{aguilar,
  author = 	 {Aguilar, E. and I. Auer and M. Brunet and T.C. Peterson 
                 and J. Wieringa},
  title = 	 {{Guidelines on climate metadata and homogenization}},
  journal = 	 {{WMO/TD No. 1186}},
  year = 	 {2003}
}

@Article{alexandersson,
  author =       {Alexandersson, H.},
  year   =       {1986},
  title  =       {{A homogeneity test applied to precipitation data}},
  journal =      {{J. Climatol.}},
  volume =       {6},
  pages =        {661--675}
}

@Article{buishand1981,
  author =    {Buishand, TA.},
  year   =    {1981},
  title  =    {{The analysis of homogeneity of long-term rainfall records in the Netherlands}},
 journal = {{KNMI Scientific Report}},
 number = {WR 81--7},
 note = {De Bilt, The Netherlands}
}

@Article{buishand1982,
 author = {Buishand, TA.},
 year   = {1982},
 title  = {{Some methods for testing the homogeneity of rainfall records}},
 journal = {{J. Hydrol.}},
 volume = {58},
 pages = {11--27}
}

@Article{camuffo,
 author = {Camuffo, D. and P.D. Jones},
 year   = {{(Eds.) 2002}},
 title  = {{Improved Understanding of Past Climate Variability from Early Daily European Instrumental Sources}},
 journal = {{Climatic Change}},
 volume = {53},
 number = {1--3}
}

@Article{giorgi,
 author = {Giorgi, F. and R. Francisco},
 year   = {2000},
 title  = {{Uncertainties in regional climate change predictions. A regional analysis of ensemble simulations with the HADCM2 GCM.}},
 journal = {{Clim. Dyn.}},
 volume = {16}, 
 pages = {169--182}
}

@Article{jaruskova,
 author = {{Jaru\v{s}kov\'{a}}, D.},
 year = {1994},
 title = {{Change-point detection in meteorological measurement}},
 journal = {{Mon. Wea. Rev.}},
 volume = {124},
 pages = {1535--1543}
}

@Article{kleintank2002,
  author =       {{Klein Tank}, A.M.G. and J.B. Wijngaard and
                  G.P. K\"onnen and R. B\"ohm and G. Demar\'ee and
                  A. Gocheva and M. Mileta and S. Pashiardis and
                  L. Hejkrlik and C. Kern-Hansen and R. Heino and
                  P. Bessemoulin and G. M\"uller-Westermeier and
                  M. Tzanakou and S. Szalai and T. P\'alsd\'ottir and
                  D. Fitzgerald and S. Rubin and M. Capaldo and
                  M. Maugeri and A. Leitass and A. Bukantis and
                  R. Aberfeld and A.F.V. {van Engelen} and E. Forland
                  and M. Mietus and F. Coelho and C. Mares and
                  V. Razuvaev and E. Nieplova and T. Cegnar and
                  J. {Antonio L\'opez} and B. Dahlstr\"om and A. Moberg
                  and W. Kirchhofer and A. Ceylan and O. Pachaliuk and
                  L.V. Alexander and P. Petrovic},
  title =        {{Daily dataset of 20th-century surface air temperature
                  and precipitation series for the European Climate
                  Assessment}},
  journal =      {{Int. J. of Climatol.}},
  year =         {2002},
  volume =       {22},
  pages =        {1441--1453}
}

@Article{kleintank2002b,
 author = {{Klein Tank}, A.M.G. and J.B. Wijngaard and A. van Engelen},
 year = {2002},
 title = {{Climate of Europe; Assessment of observed daily temperature and precipitation extremes.}},
 journal = {{KNMI, De Bilt, the Netherlands, 36p.}},
 note = {Available from {\tt http://eca.knmi.nl/publications}}
} 

@Article{lloyd-hughes,
 author = {{Lloyd-Hughes}, B. and M.A. Saunders},
 year = {2006},
 title = {{A drought climatology for Europe}},
 journal = {{Int. J. of Climatol.}},
 volume = {22}, 
 pages = {1571--1592}
}

@Article{pettitt,
 author = {Pettitt, AN.},
 year = {1979},
 title = {{A non-parametric approach to the change-point detection}},
 journal = {{Appl. Statist.}},
 volume = {28},
 pages = {126--135}
}

@Article{engelen,
 author = {{van Engelen}, A. and A.M.G. {Klein Tank} and G. {van der Schrier} and L. Klok},
 year = {2008},
 title = {Towards an operational system for assessing observed changes in climate extremes},
 journal = {{KNMI Publication 216}},
 note = {Available from {\tt http://eca.knmi.nl/publications}}
}

@Article{vonneumann,
 author = {{von Neumann}, J.},
 year = {1941},
 title = {{Distribution of the ratio of the mean square successive difference to the variance}},
 journal = {{Ann. Math. Statist.}},
 volume = {13},
 pages = {367--395}
}

@Article{wijngaard,
 author = {Wijngaard, J.B. and A.M.G. {Klein Tank} and G.P. K\"onnen},
 year = {2003},
 title = {{Homogeneity of 20th century European daily temperature and precipitation series}},
 journal = {{Int.J. of Climatol.}},
 volume = {23}, 
 pages = {679--692}
}

@Article{zhang,
 author = {Zhang, X. and G. Hegerl and F.W. Zwiers and J. Kenyon}, 
 year = {2005},
 title = {{Avoiding inhomogeneity in percentile-based indices of temperature extremes}},
 journal = {{J. Clim.}},
 volume = {18}, 
 pages = {1641--1651}
}

@Article{haylock,
 author = {Haylock, M.R. and N. Hofstra and A.M.G. {Klein Tank} and
           E.J. Klok and P.D. Jones and M. New},
 year = {2008},
 title = {{A European daily high-resolution gridded dataset of surface
         temperature and precipitation}},
 journal = {{J. Geophys. Res.}}, 
 volume = {113},
 pages = {D20119},
 note = {{DOI:10.1029/2008JD10201}}
}

@Article{hofstra,
 author = {Hofstra, N. and M.R. Haylock and M. New and P.D. Jones 
           and C. Frei},
 year = {2008},
 title = {{Comparison of six methods for the interpolation of daily, 
           European climate data}},
 journal = {{J. Geophys. Res.}}, 
 volume = {113}, 
 pages = {D21110},
 note = {{DOI:10.1029/2008JD010100}}
}

@Book{owen,
  author = 	 {Owen, D.B.},
  title = 	 {{Handbook of Statistical Tables}},
  publisher = 	 {{Addison Wesley: Reading, UK}},
  year = 	 {1962}
}

@Article{bingham,
  author = 	 {Bingham, C. and L.S. Nelson},
  title = 	 {{An approximation for the distribution of the 
                  Von Neumann ratio}},
  journal = 	 {Technometrics},
  year = 	 {1981},
  volume = 	 {23},
  pages = 	 {285--288}
}

@Article{eea,
  author = 	 {EEA-JRC-WHO},
  title = 	 {{Impacts of Europe's changing climate -- 2008 indicator-based assessment}},
  journal = {{EEA Report No 4/2008, JRC Reference Report No JRC47756}},
  year = {2008},
  note = {{DOI:10.2800/48117}}
}

@Book{vonstorch,
author         = {{von Storch}, H. and Zwiers, F. W.},
title          = {{Statistical Analysis in Climate Research}},
publisher      = {{Cambridge University Press}},
address        = {Cambridge},
year           = {1999}
}

@Article{allen:94a,
 author         = {Allen, R. G. and Smith, M. and Perrier, A. and Pereira, L. S.},
 title          = {{An update for the definition of reference evapotranspiration}},
 journal        = {ICID Bulletin},
 volume         = 43,
 number         = 2,
 pages          = {1--34},
 year           = 1994
}

@Article{allen:94b,
 author         = {Allen, R. G. and Smith, M. and Perrier, A. and Pereira, L. S.},
 title          = {{An update for the calculation of reference evapotranspiration}},
 journal        = {ICID Bulletin},
 volume         = 43,
 number         = 2,
 pages          = {35--92},
 year           = 1994
}

@Book{press:89,
 author         = {Press, W. H. and Flannery, B. P. and Teukolsky, S. A. and Vetterling, W. T.},
 title          = {{Numerical Recipes. The Art of Scientific Computing (FORTRAN version)}},
 publisher      = {Cambridge University Press},
 address        = {Cambridge},
 year           =1989
}

@Article{zhang:05,
 author         = {Zhang, X. and Hegerl, G. and Zwiers, F. W. and Kenyon, J.},
 title          = {{Avoiding Inhomogeneity in Percentile-Based Indices of Temperature Extremes}},
 journal        = JC,
 volume         = {18},
 pages          = {1641--1651},
 year           = 2005
}
@Article{vandenbesselaar:10,
 author         = {van den Besselaar, E. J. M. and Klein Tank, A. M. G. and van der Schrier, G.},
 title          = {{Synoptical messages for near-real-time updating of climate data}},
 journal        = {to be submitted to Geophys. Res. Lett.},
 volume         = {-},
 pages          = {-},
 year           = 2010
}
@Incollection{stephens:86,
 author = {M.A. Stephens},
 title = {{Tests based on EDF statistics}},
 booktitle = {{Goodness-of-fit techniques}},
  editor = {R.B. D'Agostino and M.A. Stephens},
  publisher = {Marcel Dekker, New York},
  year = {1986},
  pages =  {97--193}
}

@Article{guttman:99,
 author         = {Guttman, N. B.},
 title          = {{Accepting the standardized precipitation index: A calculation algorithm}},
 journal        = {J. Amer. Water Resources Assoc.},
 volume         = {35},
 number         = {2},
 pages          = {311--322},
 year           = {1999}
}

@Article{beniston,
 author = {Beniston, M.},
 title = {{Trends in joint quantiles of temperature and precipitation in Europe since 1901 and projected for 2100}},
 journal = {GRL},
 year = {2009},
 volume = {36},
 pages = {L07707},
 note = {{DOI:10.1029/2008GL037119}}
}

@techreport{atbd,
  author        = {{ECA\&D team}},
  title         = {{European Climate Assessment \& Dataset (ECA\&D), Algorithm Theoretical Basis Document (ATBD)}},
  institution   = {Royal Netherlands Meteorological Institute (KNMI)},
  year          = 2010
}

@techreport{urd_old,
  author        = {de Wit, J.},
  title         = {{RCC System - User Requirements Document}},
  institution   = {TriOpSys b.v.},
  note		= {reference: RS-RCC-KNMI-001},
  year          = 2007
}

@Article{besselaar2011,
  author = 	 {E.J.M. {van den Besselaar} and M.R. Haylock and G. {van der Schrier} and A.M.G. {Klein Tank}} ,
  title = 	 {{A European Daily High-resolution Observational Gridded Data set of Sea Level Pressure}},
  journal = 	 JGRD,
  year = 	 2011,
  OPTkey = 	 {},
  volume = 	 {116},
  OPTnumber = 	 {},
  pages = 	 {D11110},
  OPTmonth = 	 {},
  note = 	 {doi:10.1029/2010JD015468}
}

@Article{huglin:78,
 author         = {Huglin, P.},
 title          = {{Nouveau mode d'evaluation des possibilit\'es h\'eliothermiques d'un milieu viticole}},
 journal        = {Comptes Rendus de l'Acad\'emie d'Agriculture},
 pages          = {1117-1126},
 year           = 1978
}
@Book{gladstones:92,
 author         = {Gladstones, J.},
 title          = {Viticulture and environment},
 publisher      = {Winetitles},
 address        = {Adelaide},
 year           =1992
}
@Book{fanger:70,
 author         = {Fanger, P. O},
 title          = {Thermal comfort},
 publisher      = {Danish Technical Press},
 address        = {Copenhagen},
 year           =1970
}
@Book{duffie:91,
 author         = {Duffie, J. A. and Beckman, W. A.},
 title          = {Solar Engineering of Thermal Processes},
 publisher      = {John Wiley \& Sons, inc.},
 address        = {New York},
 year           =1991
}
@Article{mieczkowski:85,
 author         = {Mieczkowski, Z.},
 title          = {{The Tourism Climatic Index: A metod for evaluating world climates for tourism}},
 journal        = {The Canadian Geographer/Le G\'eographe canadien},
 volume         = 29,
 number         = 3,
 pages          = {220-233},
 year           = 1985
}
@Book{ashrae:72,
 author         = {ASHRAE},
 title          = {Handbook of Fundamentals},
 publisher      = {American Society of Heating, Refrigerating and Air-Conditioning Engineers, Inc.},
 address        = {New York, USA},
 year           =1972
}
@Article{perch-nielsen:10,
  author        = {Perch-Nielsen, S. L. and Amelung, B. and Knutti, R.},
  title         = {{Future climate resources for tourism in Europe based on the daily Tourism Climatic Index}},
  journal       = CC,
  volume        = {103},
  pages         = {363-381},
  note          = {doi:10.1007/s10584-009-9772-2},
  year          = 2010
}
@Article{osczevski:05,
 author         = {Osczevski, R. and Bleustein, M.},
 title          = {{The new wind chill equivalent temperature chart}},
 journal        = BAMS,
 volume         = {86},
 pages          = {1453-1458},
 note           = {doi:10.1175/BAMS-86-10-1453},
 year           = 2005
}
@Article{vandenbesselaar:12,
 author         = {van den Besselaar, E. J. M. and Klein Tank, A. M. G. and van der Schrier, G. and Jones, P. D},
 title          = {{Synoptic messages to extend climate data records}},
 journal        = JGRD,
 volume         = 117,
 pages          = {D07101},
 note           = {doi:10.1029/2011JD016687},
 year           = 2012
}
@Article{michalsky:88,
   title         ={{The Astronomical Almanac's algortihm for approximate
solar position (1950-2050)}},
   author        ={Michalsky, J. J.},
   journal       ={Solar Energy},
   volume        ={40},
   pages         ={227-235},
   year          =1988,
}
@Article{hyndman:96,
  author         = {Hyndman, R. J. and Fan, Y.},
  title          = {{Sample Quantiles in Statistical Packages}},
  journal        = {The American Statistician},
  volume         = 50,
  pages          = {361-365},
  year           = 1996
}
@book{iqbal:83,
  title={An Introduction to Solar Radiation},
  author={Iqbal, Muhammad},
  year={1983},
  publisher={Academic Press}
}

